<record><leader>00000cas a2200000 a 4500</leader><controlfield tag="001">2685131</controlfield><controlfield tag="008">770118d19482014akudr ne      0   a0eng  </controlfield><datafield ind1=" " ind2=" " tag="010"><subfield code="a">sn 84020659 </subfield><subfield code="z">   76644874 </subfield></datafield><datafield ind1=" " ind2=" " tag="040"><subfield code="a">DLC</subfield><subfield code="b">eng</subfield><subfield code="c">DLC</subfield><subfield code="d">NSD</subfield><subfield code="d">DLC</subfield><subfield code="d">OCL</subfield><subfield code="d">DLC</subfield><subfield code="d">NSD</subfield><subfield code="d">MGN</subfield><subfield code="d">CNK</subfield><subfield code="d">NVF</subfield><subfield code="d">ANE</subfield><subfield code="d">DLC</subfield><subfield code="d">OCLCQ</subfield><subfield code="d">ALK</subfield><subfield code="d">OCLCQ</subfield><subfield code="d">OCLCF</subfield><subfield code="d">WAU</subfield><subfield code="d">DLC</subfield><subfield code="d">OCLCQ</subfield></datafield><datafield ind1=" " ind2=" " tag="012"><subfield code="b">3</subfield><subfield code="k">1</subfield><subfield code="m">d</subfield></datafield><datafield ind1=" " ind2=" " tag="019"><subfield code="a">4062078</subfield></datafield><datafield ind1="1" ind2=" " tag="022"><subfield code="a">0194-6870</subfield><subfield code="l">0194-6870</subfield><subfield code="2">1</subfield></datafield><datafield ind1=" " ind2=" " tag="037"><subfield code="b">200 Potter Drive, Anchorage, Alaska 99502</subfield></datafield><datafield ind1=" " ind2=" " tag="042"><subfield code="a">pcc</subfield><subfield code="a">nsdp</subfield></datafield><datafield ind1=" " ind2=" " tag="043"><subfield code="a">n-us-ak</subfield></datafield><datafield ind1="0" ind2="0" tag="050"><subfield code="a">Newspaper</subfield></datafield><datafield ind1=" " ind2="0" tag="222"><subfield code="a">Anchorage daily news</subfield></datafield><datafield ind1="0" ind2="0" tag="245"><subfield code="a">Anchorage daily news.</subfield></datafield><datafield ind1=" " ind2=" " tag="260"><subfield code="a">Anchorage, Alaska :</subfield><subfield code="b">[Northern Pub. Co.]</subfield></datafield><datafield ind1=" " ind2=" " tag="300"><subfield code="a">volumes</subfield></datafield><datafield ind1=" " ind2=" " tag="310"><subfield code="a">Daily,</subfield><subfield code="b">June 20, 1965-Nov. 24, 1974; Feb. 1, 1981-</subfield></datafield><datafield ind1=" " ind2=" " tag="321"><subfield code="a">Daily (except certain holidays and Sunday),</subfield><subfield code="b">&lt;Jan. 3, 1949&gt;-June 19, 1965; Nov. 25, 1974-Jan. 31, 1981</subfield></datafield><datafield ind1=" " ind2=" " tag="336"><subfield code="a">text</subfield><subfield code="b">txt</subfield><subfield code="2">rdacontent</subfield></datafield><datafield ind1=" " ind2=" " tag="337"><subfield code="a">unmediated</subfield><subfield code="b">n</subfield><subfield code="2">rdamedia</subfield></datafield><datafield ind1=" " ind2=" " tag="338"><subfield code="a">volume</subfield><subfield code="b">nc</subfield><subfield code="2">rdacarrier</subfield></datafield><datafield ind1="1" ind2=" " tag="362"><subfield code="a">Began May 1, 1948?; ceased with: vol. 48, no. 200 (July 19, 2014).</subfield></datafield><datafield ind1=" " ind2=" " tag="530"><subfield code="a">Also issued on microfilm from the Library of Congress, Photoduplication Service.</subfield></datafield><datafield ind1=" " ind2=" " tag="588"><subfield code="a">Description based on: Vol. 3, no. 206 (Jan. 3, 1949).</subfield></datafield><datafield ind1=" " ind2=" " tag="588"><subfield code="a">Latest issue consulted: Vol. 48, no. 206 (July, 19, 2014).</subfield></datafield><datafield ind1=" " ind2="0" tag="651"><subfield code="a">Anchorage (Alaska)</subfield><subfield code="v">Newspapers.</subfield></datafield><datafield ind1=" " ind2="7" tag="651"><subfield code="a">Alaska</subfield><subfield code="z">Anchorage.</subfield><subfield code="2">fast</subfield><subfield code="0">(OCoLC)fst01212412</subfield></datafield><datafield ind1=" " ind2="7" tag="655"><subfield code="a">Newspapers.</subfield><subfield code="2">fast</subfield><subfield code="0">(OCoLC)fst01423814</subfield></datafield><datafield ind1=" " ind2=" " tag="752"><subfield code="a">United States</subfield><subfield code="b">Alaska</subfield><subfield code="d">Anchorage.</subfield></datafield><datafield ind1="0" ind2=" " tag="775"><subfield code="t">Anchorage daily news Kenai Pensula edition</subfield></datafield><datafield ind1="0" ind2="0" tag="780"><subfield code="t">Anchorage news</subfield><subfield code="w">(DLC)sn 98060278</subfield><subfield code="w">(OCoLC)39734411</subfield></datafield><datafield ind1="0" ind2="0" tag="785"><subfield code="t">Alaska dispatch news</subfield><subfield code="x">2374-4219</subfield><subfield code="w">(DLC)  2014252028</subfield><subfield code="w">(OCoLC)884293514</subfield></datafield><datafield ind1="1" ind2=" " tag="029"><subfield code="a">AU@</subfield><subfield code="b">000000994415</subfield></datafield></record>